%%%%%%%%%%%%%%%%%%%%%%%%%%%%%%%%%%%%%%%%%%%%%%%%%%%%%%%%%%%%%%%%%%%%%%%%%%%%%%%%
% File: book.bib
% Project: MA223 Notes
% Description: Bibliography for MA223 Course Notes

@incollection{Box1979,
  author = {Box, George E P},
  editor = {Launer, R L and Wilkinson, G N},
  title = {Robustness in the Strategy of Scientific Model Building},
  booktitle = {Robustness in Statistics},
  date = {1979},
  pages = {201-236},
  publisher = {Academic Press},
}


@book{Chihara2011,
  author = {Chihara, Laura and Hesterberg, Tim},
  title = {Mathematical Statistics with Resampling and R},
  date = {2011},
  publisher = {Wiley},
}

@book{Doyle1890,
  author = {Doyle, Sir Arthur Conan},
  title = {The Sign of the Four},
  date = {1890},
  publisher = {Spencer Blackett}}

@incollection{Dudeck1981,
  author = {Dudeck, A E and Peeacock, C H},
  editor = {R W Sheard},
  title = {Effects of Several Overseeded Ryegrasses on Turf Quality, Traffic Tolerance and Ball Roll},
  booktitle = {Proceedings of the Fourth International Turfgrass Research Conference},
  date = {1981},
  pages = {75-81},
}


@article{Eskine2013,
  author = {Eskine, Kendall J},
  title = {Wholesome Foods and Wholesome Morals?  Organic Foods Reduce Prosocial Behavior and Harshen Moral Judgments},
  journal = {Social Psychological and Personality Science},
  year = {2013},
  volume = {4},
  number = {2},
  pages = {251-254},
}
  

@article{Goldstein2011,
  author = {Goldstein, Bernard D and Osofsky, Howard J and Lichtveld, Maureen Y},
  title = {The Gulf Oil Spill},
  journal = {The New England Journal of Medicine},
  year = {2011},
  volume = {364},
  pages = {1334-1348},
  doi = {10.1056/NEJMra1007197}}


@article{Johnson2003,
  author = {Johnson, Eric J and Goldstein, Daniel},
  title = {Do Defaults Save Lives?},
  journal = {Science},
  year = {2003},
  volume = {302},
  pages = {1338-1339},
}


@article{Koutrakis2002,
  author = {Koutrakis, S I and Karakaisis, G P and Hatzidimitriou, P M and Koliopoulos, P K and Margaris, V N},
  title = {Seismic Hazard in Greece Based on Different Strong Ground Motion Parameters},
  journal = {Journal of Earthquake Engineering},
  volume = {6},
  number = {1},
  pages = {75-109},
  year = {2002},
  doi = {10.1080/13632460209350411}
}


@UNPUBLISHED{Lee1992,
  author = {J Lee},
  title  = {Relationships Between Properties of Pulp-Fibre and Paper},
  note   = {Unpublished PhD Thesis},
  year   = {1992}
}


@book{Magritte1977,
  title={Magritte, Ideas and Images},
  author={Magritte, R. and Torczyner, H.},
  series={Contemporary Artists Series},
  year={1977},
  publisher={H. N. Abrams}
}


@article{Moery2016,
  author = {Moery, Eileen and Calin-Jageman, Robert J},
  title = {Direct and Conceptual Replications of Eskine (2013): Organic Food Exposure Has Little to No Effect on Moral Judgments and Prosocial Behavior},
  journal = {Social Psychological and Personality Science},
  volume = {7},
  number = {4},
  year = {2016},
  pages = {312-319},
}


@book{Tintle2015,
  author = {Tintle, Nathan and Chance, Beth L and Rossman, A J and Roy, S and Swanson, T and VanderStoep, J},
  title = {Introduction to Statistical Investigations},
  date = {2015},
  publisher = {Wiley},
}
